<mx:record xmlns="http://www.w3.org/TR/xhtml1/strict" xmlns:mx="http://www.loc.gov/MARC21/slim" xmlns:xsi="http://www.w3.org/2001/XMLSchema-instance"><mx:leader>00000nz   2200000n  4500</mx:leader><mx:controlfield tag="001">oca03682820 </mx:controlfield><mx:controlfield tag="005">19940916130356.3</mx:controlfield><mx:controlfield tag="008">940916n| acannaab           |a ana |||  </mx:controlfield><mx:datafield ind1=" " ind2=" " tag="010"><mx:subfield code="a">n  94089440</mx:subfield></mx:datafield><mx:datafield ind1=" " ind2=" " tag="040"><mx:subfield code="a">DLC</mx:subfield><mx:subfield code="c">DLC</mx:subfield></mx:datafield><mx:datafield ind1="2" ind2=" " tag="110"><mx:subfield code="a">Fratres Arvales</mx:subfield></mx:datafield><mx:datafield ind1="2" ind2=" " tag="410"><mx:subfield code="a">Arvales Fratres</mx:subfield></mx:datafield><mx:datafield ind1="2" ind2=" " tag="410"><mx:subfield code="a">Arval Brothers</mx:subfield></mx:datafield><mx:datafield ind1="2" ind2=" " tag="410"><mx:subfield code="a">Frères Arvales</mx:subfield></mx:datafield><mx:datafield ind1="2" ind2=" " tag="410"><mx:subfield code="a">Arval Brethren</mx:subfield></mx:datafield><mx:datafield ind1=" " ind2=" " tag="670"><mx:subfield code="a">Oxford classical dict., 1970</mx:subfield><mx:subfield code="b">(Fratres Arvales; ancient priestly college in Rome; known from substantial remains of the their records, Acta Fratrum Arvalium)</mx:subfield></mx:datafield><mx:datafield ind1=" " ind2=" " tag="670"><mx:subfield code="a">Der kleine Pauly, 1964</mx:subfield><mx:subfield code="b">(Arvales Fratres)</mx:subfield></mx:datafield><mx:datafield ind1=" " ind2=" " tag="670"><mx:subfield code="a">Encyc. Brit., c1984</mx:subfield><mx:subfield code="b">(Arval Brothers; Latin: Fratres Arvales, or Brothers of the Field)</mx:subfield></mx:datafield><mx:datafield ind1=" " ind2=" " tag="670"><mx:subfield code="a">LC database, 9-16-94</mx:subfield><mx:subfield code="b">(hdg.: Fratres Arvales; usage: Frères Arvales; Arval Brethren)</mx:subfield></mx:datafield></mx:record>